@book{GameAlgorithms,
  author       = {Madhav, Sanjay},
  title        = {Game Programming Algorithms and Techniques: A Platform-Agnostic Approach},
  year         = 2013,
  edition      = 1,
  publisher    = {Addison-Wesley Professional},
  isbn		 = {0321940156},
  location     = {New York},
  langid       = {english},
  langidopts   = {variant=american},
}

@online{FrameTimeFPS,
%  author = {Gitlab},
  title = {Frame Rate vs Frame Time},
  urldate = {2019-03-21},
  url = {https://cgvr.cs.ut.ee/frame-rate-vs-frame-time/},
}